<?xml version="1.0" encoding="UTF-8"?><collection xmlns="http://www.loc.gov/MARC21/slim"><record><leader>00315nam--2200121-i-4500</leader><controlfield tag="001">000029774</controlfield><controlfield tag="002">20161230</controlfield><controlfield tag="005">20161230201037</controlfield><controlfield tag="008">060222s1000------------r-----000-0-eng-d</controlfield><datafield ind1=" " ind2=" " tag="245"><subfield code="a">Loran long range navigation</subfield></datafield><datafield ind1=" " ind2=" " tag="260"><subfield code="a">New York, Mcgraw Hill, 1948, Xiv + 476p</subfield></datafield><datafield ind1=" " ind2=" " tag="700"><subfield code="a">Mckenzie, Pierce And Woodward</subfield></datafield><datafield ind1=" " ind2=" " tag="852"><subfield code="a">882</subfield></datafield></record></collection>